<?xml version="1.0" encoding="UTF-8"?><collection xmlns="http://www.loc.gov/MARC21/slim"><record><leader>00521nam--2200193-u-4500</leader><controlfield tag="001">000053024</controlfield><controlfield tag="002">20161230</controlfield><controlfield tag="005">20161230201050</controlfield><controlfield tag="008">110103s1000------------r-----000-0-eng-d</controlfield><datafield ind1=" " ind2=" " tag="020"><subfield code="a">081764058</subfield></datafield><datafield ind1=" " ind2=" " tag="040"><subfield code="a">IFIN-HH</subfield></datafield><datafield ind1=" " ind2=" " tag="080"><subfield code="a">537.538:513</subfield></datafield><datafield ind1="1" ind2=" " tag="100"><subfield code="a">Baylis, William E</subfield></datafield><datafield ind1="1" ind2="0" tag="245"><subfield code="a">Electrodynamics</subfield><subfield code="b">A modern geometric approach</subfield><subfield code="c">William e. baylis</subfield></datafield><datafield ind1=" " ind2=" " tag="260"><subfield code="a">BERLIN</subfield><subfield code="b">Birkhauser</subfield><subfield code="c">1999</subfield></datafield><datafield ind1=" " ind2=" " tag="300"><subfield code="a">380P</subfield></datafield><datafield ind1=" " ind2=" " tag="490"><subfield code="a">Progress In Mathematical Physics</subfield></datafield><datafield ind1=" " ind2=" " tag="852"><subfield code="a">81411</subfield><subfield code="c">537:538</subfield></datafield><datafield ind1=" " ind2=" " tag="CAT"><subfield code="a">Sys</subfield><subfield code="c">20110103</subfield><subfield code="h">113827</subfield></datafield></record></collection>